<record><leader>00000cas a22000007a 4500</leader><controlfield tag="001">10063477</controlfield><controlfield tag="008">831027c19839999txuwn ne      0   a0eng d</controlfield><datafield ind1=" " ind2=" " tag="010"><subfield code="a">sn 83003319 </subfield></datafield><datafield ind1=" " ind2=" " tag="040"><subfield code="a">NSD</subfield><subfield code="b">eng</subfield><subfield code="c">NSD</subfield><subfield code="d">OCLCQ</subfield></datafield><datafield ind1=" " ind2=" " tag="012"><subfield code="k">1</subfield><subfield code="l">1</subfield><subfield code="m">1</subfield></datafield><datafield ind1="1" ind2=" " tag="022"><subfield code="a">0746-4827</subfield><subfield code="l">0746-4827</subfield><subfield code="2">1</subfield></datafield><datafield ind1=" " ind2=" " tag="032"><subfield code="a">705310</subfield><subfield code="b">USPS</subfield></datafield><datafield ind1=" " ind2=" " tag="037"><subfield code="b">Jones County Journal, Rte. 1, Box 55E, Hawley, TX 79525</subfield></datafield><datafield ind1=" " ind2=" " tag="042"><subfield code="a">nsdp</subfield></datafield><datafield ind1=" " ind2="0" tag="222"><subfield code="a">Jones County journal. Hawley edition</subfield></datafield><datafield ind1="0" ind2="0" tag="245"><subfield code="a">Jones County journal. Hawley edition.</subfield></datafield><datafield ind1=" " ind2=" " tag="250"><subfield code="a">Hawley ed.</subfield></datafield><datafield ind1=" " ind2=" " tag="260"><subfield code="a">[Hawley, Tex. :</subfield><subfield code="b">John Carroll Corp.]</subfield></datafield><datafield ind1=" " ind2=" " tag="310"><subfield code="a">Weekly (except Christmas &amp; New Years)</subfield></datafield><datafield ind1="1" ind2=" " tag="362"><subfield code="a">Began in Apr. 1983.</subfield></datafield><datafield ind1=" " ind2=" " tag="588"><subfield code="a">Description based on: Vol. 1, no. 21 (Thursday, Aug. 25, 1983).</subfield></datafield><datafield ind1=" " ind2=" " tag="752"><subfield code="a">United States</subfield><subfield code="b">Texas</subfield><subfield code="c">Jones</subfield><subfield code="d">Hawley.</subfield></datafield><datafield ind1=" " ind2=" " tag="936"><subfield code="a">Nov. 17, 1983</subfield></datafield><datafield ind1="1" ind2=" " tag="029"><subfield code="a">AU@</subfield><subfield code="b">000025820186</subfield></datafield></record>